@article{ARFI22,
   title = {The horofunction boundary of a Gromov hyperbolic space},
   ISSN = {1432-1807},
   url = {http://dx.doi.org/10.1007/s00208-022-02551-0},
   DOI = {10.1007/s00208-022-02551-0},
   journal = {Mathematische Annalen},
   publisher = {Springer Science and Business Media LLC},
   author = {Arosio, Leandro and Fiacchi, Matteo and Gontard, SÃ©bastien and Guerini, Lorenzo},
   year = {2022},
   month = {dec}
}