@Article{ARWI11,
    author = {Arveson, William},
    title = {The noncommutative Choquet boundary II: Hyperrigidity},
    journal = {Israel Journal of Mathematics},
    year = {2011},
    month = {08},
    day = {01},
    volume = {184},
    number = {1},
    pages = {349-385},
    issn = {1565-8511},
    doi = {10.1007/s11856-011-0071-z},
    url = {https://doi.org/10.1007/s11856-011-0071-z}
}

