@book{ARWI76,
   author = {William Arveson},
   city = {New York, NY},
   doi = {10.1007/978-1-4612-6371-5},
   edition = {1},
   isbn = {978-1-4612-6373-9},
   issn = {0072-5285},
   publisher = {Springer New York},
   title = {An Invitation to C*-Algebras},
   url = {http://link.springer.com/10.1007/978-1-4612-6371-5},
   year = {1976},
}
