@article{AVAN73,
    author = {Avez, Andre},
    year = {1973},
    month = {01},
    pages = {317-320},
    title = {Limite de quotients pour des marches aléatoires sur des groupes},
    journal = {Comptes rendus hebdomadaires des séances de l'Académie des sciences. Séries A et B, Sciences mathématiques et Sciences physiques},
    volume = {276}
}