@misc{CHDO+19,
    title = {Doob equivalence and non-commutative peaking for Markov chains}, 
    author = {Xinxin Chen and Adam Dor-On and Langwen Hui and Christopher Linden and Yifan Zhang},
    year = {2019},
    eprint = {1911.10423},
    archivePrefix = {arXiv},
    primaryClass = {math.OA}
}