@inproceedings{CHER08,
    title = {Probability limit theorems assuming only the first moment},
    author = {Kai Lai Chung and Paul L. Erdos},
    year = {2008},
    url = {https://api.semanticscholar.org/CorpusID:124525083}
}