@article{DAKE15,
    author = {Kenneth R. Davidson and Matthew Kennedy},
    title = {{The Choquet boundary of an operator system}},
    volume = {164},
    journal = {Duke Mathematical Journal},
    number = {15},
    publisher = {Duke University Press},
    pages = {2989 -- 3004},
    keywords = {boundary representation, Choquet boundary, completely positive maps, dilations, operator system, unique extension property},
    year = {2015},
    doi = {10.1215/00127094-3165004},
    URL = {https://doi.org/10.1215/00127094-3165004}
}
