@article{DOAD21,
    place = {Country unknown/Code not available}, 
    title = {Toeplitz quotient C*-algebras and ratio limits for random walks}, 
    url = {https://par.nsf.gov/biblio/10321912}, 
    journal = {Documenta mathematica}, 
    volume = {26}, 
    author = {Dor-On, Adam}, 
    year = {2021}
}