@misc{DODU23,
    title = {Ratio-limit boundaries for random walks on relatively hyperbolic groups}, 
    author = {Adam Dor-On and Matthieu Dussaule and Ilya Gekhtman},
    year = {2023},
    eprint = {2303.10769},
    archivePrefix = {arXiv},
    primaryClass = {math.GR}
}