@article{DOSH23,
   author = {Rhiannon Dougall and Richard Sharp},
   month = {9},
   title = {A non-symmetric Kesten criterion and ratio limit theorem for random walks on amenable groups},
   url = {http://arxiv.org/abs/2309.01766},
   year = {2023}
}
