@article{DRMC05,
    ISSN = {03794024, 18417744},
    URL = {http://www.jstor.org/stable/24715647},
    author = {Michael A. Dritschel and Scott A. Mccullough},
    journal = {Journal of Operator Theory},
    number = {1},
    pages = {159--167},
    publisher = {Theta Foundation},
    title = {Boundary representations for families of representations of operator algebras and spaces},
    urldate = {2024-02-24},
    volume = {53},
    year = {2005}
}

