@article{DUMA22, 
    title = {Local limit theorems in relatively hyperbolic groups II: the non-spectrally degenerate case}, 
    volume = {158}, 
    DOI = {10.1112/S0010437X22007448}, 
    number = {4}, 
    journal = {Compositio Mathematica}, 
    publisher = {London Mathematical Society}, 
    author = {Dussaule, Matthieu}, 
    year = {2022}, 
    pages = {764â€“830}
}