@article{GOSE14,
    ISSN = {08940347, 10886834},
    URL = {http://www.jstor.org/stable/43302859},
    author = {S\'ebastien Gou\"ezel},
    journal = {Journal of the American Mathematical Society},
    number = {3},
    pages = {893--928},
    publisher = {American Mathematical Society},
    title = {Local limit theorem for symmetric random walks in Gromov-hyperbolic groups},
    urldate = {2023-12-23},
    volume = {27},
    year = {2014}
}

