@article{KAVE83,
   author = {Vadim A. Kaimanovich and Anatoly M. Vershik},
   doi = {10.1214/AOP/1176993497},
   issn = {0091-1798},
   issue = {3},
   journal = {https://doi.org/10.1214/aop/1176993497},
   month = {8},
   pages = {457-490},
   publisher = {Institute of Mathematical Statistics},
   title = {Random Walks on Discrete Groups: Boundary and Entropy},
   volume = {11},
   url = {https://projecteuclid.org/journals/annals-of-probability/volume-11/issue-3/Random-Walks-on-Discrete-Groups-Boundary-and-Entropy/10.1214/aop/1176993497.full https://projecteuclid.org/journals/annals-of-probability/volume-11/issue-3/Random-Walks-on-Discrete-Groups-Boundary-and-Entropy/10.1214/aop/1176993497.short},
   year = {1983}
}
