@article{KEHA59,
    ISSN = {00255521, 19031807},
    URL = {http://www.jstor.org/stable/24489015},
    author = {Harry Kesten},
    journal = {Mathematica Scandinavica},
    number = {1},
    pages = {146--156},
    publisher = {Mathematica Scandinavica},
    title = {Full Banach mean values on countable groups},
    urldate = {2024-02-05},
    volume = {7},
    year = {1959}
}

