@article{KEHA63,
    title = {Ratio theorems for random walks II},
    author = {Harry Kesten},
    journal = {Journal dâ€™Analyse Math{\'e}matique},
    year = {1963},
    volume = {11},
    pages = {323-379},
    url = {https://api.semanticscholar.org/CorpusID:189770176}
}