@article{MAGR66,
   author = {Grigorii A. Margulis},
   journal = {Dokl. Akad. Nauk SSSR},
   pages = {1054--1057},
   title = {Positive harmonic functions on nilpotent groups},
   volume = {166},
   number = {5},
   year = {1966}
}