@article{MUCA19,
    author = {Elder, Murray and Rogers, Cameron},
    year = {2019},
    month = {01},
    pages = {383-395},
    title = {On a theorem of Avez},
    volume = {22},
    journal = {Journal of Group Theory},
    doi = {10.1515/jgth-2018-0042}
}