@article{SAST78,
   author = {Stanley Sawyer},
   journal = {Z. Wahrscheinlichkeitstheorie verw. Gebiete},
   pages = {279-292},
   title = {Isotropic Random Walks in a Tree},
   volume = {42},
   year = {1978}
}
