@article{SAST97,
    author = {Sawyer, Stanley},
    year = {1997},
    month = {01},
    pages = {},
    title = {Martin boundaries and random walks},
    volume = {206},
    isbn = {9780821806050},
    doi = {10.1090/conm/206/02685}
}