@book{SEEU81,
   author = {Eugene Seneta},
   city = {New York, NY},
   doi = {10.1007/0-387-32792-4},
   edition = {2},
   isbn = {978-0-387-29765-1},
   issn = {0172-7397},
   publisher = {Springer New York},
   title = {Non-negative Matrices and Markov Chains},
   url = {http://link.springer.com/10.1007/0-387-32792-4},
   year = {1981}
}
