@article{STCH66,
    ISSN = {00029947},
    URL = {http://www.jstor.org/stable/1994589},
    author = {Charles Stone},
    journal = {Transactions of the American Mathematical Society},
    number = {1},
    pages = {86--100},
    publisher = {American Mathematical Society},
    title = {Ratio Limit Theorems for Random Walks on Groups},
    urldate = {2024-02-24},
    volume = {125},
    year = {1966}
}

