@book{WOWO09,
    title = {Denumerable Markov Chains: Generating Functions, Boundary Theory, Random Walks on Trees},
    author = {Woess, Wolfgang},
    isbn = {9783037190715},
    lccn = {2010487086},
    series = {EMS textbooks in mathematics},
    url = {https://books.google.co.il/books?id=24IwVsnkJZoC},
    year = {2009},
    publisher = {European Mathematical Society}
}
