@book{WOWO00, 
    place = {Cambridge}, 
    series = {Cambridge Tracts in Mathematics}, 
    title = {Random Walks on Infinite Graphs and Groups}, 
    publisher = {Cambridge University Press}, 
    author = {Woess, Wolfgang}, 
    year = {2000}, 
    collection = {Cambridge Tracts in Mathematics}
}