@article{WOWO21,
    author = {Woess, Wolfgang},
    year = {2021},
    month = {01},
    pages = {1501-1528},
    title = {Ratio limits and Martin boundary},
    volume = {26},
    journal = {Documenta Mathematica},
    doi = {10.4171/dm/847},
    publisher = "Deutsche Mathematiker Vereinigung"
}