@book{YAAR24,
    title = {Harmonic Functions and Random Walks on Groups},
    author = {Yadin, Ariel},
    isbn = {9781009123181},
    series = {Cambridge Studies in Advanced Mathematics},
    url = {https://books.google.co.il/books?id=LomKzgEACAAJ},
    year = {2024},
    publisher = {Cambridge University Press}
}
