@article{YAAR16,
    URL = {https://www.math.bgu.ac.il/~yadina/RWnotes.pdf},
    author = {Yadin, Ariel},
    publisher = {Ben-Gurion University of the Negev Publications},
    title = {Random walk},
    year = {2016}
}