@article{ARWI03,
    author = {Arveson, William},
    year = {2003},
    month = {01},
    title = {Notes on the unique extension property}
}