@article{DOMA17,
   author = {Adam Dor-On and Daniel Markiewicz},
   doi = {10.1007/S00020-017-2382-X/METRICS},
   issn = {0378620X},
   issue = {2},
   journal = {Integral Equations and Operator Theory},
   month = {6},
   pages = {185-227},
   publisher = {Springer Basel},
   title = {C*-Envelopes of Tensor Algebras Arising from Stochastic Matrices},
   volume = {88},
   url = {https://link.springer.com/article/10.1007/s00020-017-2382-x},
   year = {2017}
}
